%YAML 1.1
%TAG !u! tag:unity3d.com,2011:
--- !u!1 &4828158463435468082
GameObject:
  m_ObjectHideFlags: 0
  m_CorrespondingSourceObject: {fileID: 0}
  m_PrefabInstance: {fileID: 0}
  m_PrefabAsset: {fileID: 0}
  serializedVersion: 6
  m_Component:
  - component: {fileID: 4619327011240914410}
  - component: {fileID: 4616681640232522826}
  - component: {fileID: 4796561896172687580}
  m_Layer: 5
  m_Name: Icon
  m_TagString: Untagged
  m_Icon: {fileID: 0}
  m_NavMeshLayer: 0
  m_StaticEditorFlags: 0
  m_IsActive: 1
--- !u!224 &4619327011240914410
RectTransform:
  m_ObjectHideFlags: 0
  m_CorrespondingSourceObject: {fileID: 0}
  m_PrefabInstance: {fileID: 0}
  m_PrefabAsset: {fileID: 0}
  m_GameObject: {fileID: 4828158463435468082}
  m_LocalRotation: {x: 0, y: 0, z: 0, w: 1}
  m_LocalPosition: {x: 0, y: 0, z: 0}
  m_LocalScale: {x: 1, y: 1, z: 1}
  m_Children: []
  m_Father: {fileID: 4618789782679674470}
  m_RootOrder: 0
  m_LocalEulerAnglesHint: {x: 0, y: 0, z: 0}
  m_AnchorMin: {x: 0, y: 1}
  m_AnchorMax: {x: 0, y: 1}
  m_AnchoredPosition: {x: 2, y: -1}
  m_SizeDelta: {x: 16, y: 16}
  m_Pivot: {x: 0, y: 1}
--- !u!222 &4616681640232522826
CanvasRenderer:
  m_ObjectHideFlags: 0
  m_CorrespondingSourceObject: {fileID: 0}
  m_PrefabInstance: {fileID: 0}
  m_PrefabAsset: {fileID: 0}
  m_GameObject: {fileID: 4828158463435468082}
  m_CullTransparentMesh: 0
--- !u!114 &4796561896172687580
MonoBehaviour:
  m_ObjectHideFlags: 0
  m_CorrespondingSourceObject: {fileID: 0}
  m_PrefabInstance: {fileID: 0}
  m_PrefabAsset: {fileID: 0}
  m_GameObject: {fileID: 4828158463435468082}
  m_Enabled: 1
  m_EditorHideFlags: 0
  m_Script: {fileID: -765806418, guid: f70555f144d8491a825f0804e09c671c, type: 3}
  m_Name: 
  m_EditorClassIdentifier: 
  m_Material: {fileID: 0}
  m_Color: {r: 1, g: 1, b: 1, a: 1}
  m_RaycastTarget: 1
  m_OnCullStateChanged:
    m_PersistentCalls:
      m_Calls: []
    m_TypeName: UnityEngine.UI.MaskableGraphic+CullStateChangedEvent, UnityEngine.UI,
      Version=1.0.0.0, Culture=neutral, PublicKeyToken=null
  m_Sprite: {fileID: 21300000, guid: e729a0ec879a22d47ab1046aca22d810, type: 3}
  m_Type: 0
  m_PreserveAspect: 0
  m_FillCenter: 1
  m_FillMethod: 4
  m_FillAmount: 1
  m_FillClockwise: 1
  m_FillOrigin: 0
  m_UseSpriteMesh: 0
--- !u!1 &4828714850796371194
GameObject:
  m_ObjectHideFlags: 0
  m_CorrespondingSourceObject: {fileID: 0}
  m_PrefabInstance: {fileID: 0}
  m_PrefabAsset: {fileID: 0}
  serializedVersion: 6
  m_Component:
  - component: {fileID: 4618789782679674470}
  - component: {fileID: 4620679080951334374}
  - component: {fileID: 4796768348039407178}
  - component: {fileID: 7940867101528487215}
  m_Layer: 5
  m_Name: AttributeDisplay
  m_TagString: Untagged
  m_Icon: {fileID: 0}
  m_NavMeshLayer: 0
  m_StaticEditorFlags: 0
  m_IsActive: 1
--- !u!224 &4618789782679674470
RectTransform:
  m_ObjectHideFlags: 0
  m_CorrespondingSourceObject: {fileID: 0}
  m_PrefabInstance: {fileID: 0}
  m_PrefabAsset: {fileID: 0}
  m_GameObject: {fileID: 4828714850796371194}
  m_LocalRotation: {x: -0, y: -0, z: -0, w: 1}
  m_LocalPosition: {x: 0, y: 0, z: 0}
  m_LocalScale: {x: 1, y: 1, z: 1}
  m_Children:
  - {fileID: 4619327011240914410}
  - {fileID: 4619075614532505728}
  m_Father: {fileID: 0}
  m_RootOrder: 0
  m_LocalEulerAnglesHint: {x: 0, y: 0, z: 0}
  m_AnchorMin: {x: 0.5, y: 1}
  m_AnchorMax: {x: 0.5, y: 1}
  m_AnchoredPosition: {x: -61, y: 44}
  m_SizeDelta: {x: 120, y: 18}
  m_Pivot: {x: 0.5, y: 1}
--- !u!222 &4620679080951334374
CanvasRenderer:
  m_ObjectHideFlags: 0
  m_CorrespondingSourceObject: {fileID: 0}
  m_PrefabInstance: {fileID: 0}
  m_PrefabAsset: {fileID: 0}
  m_GameObject: {fileID: 4828714850796371194}
  m_CullTransparentMesh: 0
--- !u!114 &4796768348039407178
MonoBehaviour:
  m_ObjectHideFlags: 0
  m_CorrespondingSourceObject: {fileID: 0}
  m_PrefabInstance: {fileID: 0}
  m_PrefabAsset: {fileID: 0}
  m_GameObject: {fileID: 4828714850796371194}
  m_Enabled: 1
  m_EditorHideFlags: 0
  m_Script: {fileID: -765806418, guid: f70555f144d8491a825f0804e09c671c, type: 3}
  m_Name: 
  m_EditorClassIdentifier: 
  m_Material: {fileID: 0}
  m_Color: {r: 1, g: 1, b: 1, a: 1}
  m_RaycastTarget: 1
  m_OnCullStateChanged:
    m_PersistentCalls:
      m_Calls: []
    m_TypeName: UnityEngine.UI.MaskableGraphic+CullStateChangedEvent, UnityEngine.UI,
      Version=1.0.0.0, Culture=neutral, PublicKeyToken=null
  m_Sprite: {fileID: 21300000, guid: ec6decc9b63a42d40b6e6fbe13c2aeb1, type: 3}
  m_Type: 1
  m_PreserveAspect: 0
  m_FillCenter: 1
  m_FillMethod: 4
  m_FillAmount: 1
  m_FillClockwise: 1
  m_FillOrigin: 0
  m_UseSpriteMesh: 0
--- !u!114 &7940867101528487215
MonoBehaviour:
  m_ObjectHideFlags: 0
  m_CorrespondingSourceObject: {fileID: 0}
  m_PrefabInstance: {fileID: 0}
  m_PrefabAsset: {fileID: 0}
  m_GameObject: {fileID: 4828714850796371194}
  m_Enabled: 1
  m_EditorHideFlags: 0
  m_Script: {fileID: 11500000, guid: 51bbacf9568b940a3b5aaed692db8c62, type: 3}
  m_Name: 
  m_EditorClassIdentifier: 
  icons:
  - {fileID: 21300000, guid: e729a0ec879a22d47ab1046aca22d810, type: 3}
  - {fileID: 21300002, guid: e729a0ec879a22d47ab1046aca22d810, type: 3}
  - {fileID: 21300004, guid: e729a0ec879a22d47ab1046aca22d810, type: 3}
  - {fileID: 21300006, guid: e729a0ec879a22d47ab1046aca22d810, type: 3}
  - {fileID: 21300008, guid: e729a0ec879a22d47ab1046aca22d810, type: 3}
  - {fileID: 21300010, guid: e729a0ec879a22d47ab1046aca22d810, type: 3}
  - {fileID: 21300012, guid: e729a0ec879a22d47ab1046aca22d810, type: 3}
  - {fileID: 21300014, guid: e729a0ec879a22d47ab1046aca22d810, type: 3}
  - {fileID: 21300016, guid: e729a0ec879a22d47ab1046aca22d810, type: 3}
  - {fileID: 21300018, guid: e729a0ec879a22d47ab1046aca22d810, type: 3}
  - {fileID: 21300020, guid: e729a0ec879a22d47ab1046aca22d810, type: 3}
  bgs:
  - {fileID: 21300000, guid: ec6decc9b63a42d40b6e6fbe13c2aeb1, type: 3}
  - {fileID: 21300002, guid: ec6decc9b63a42d40b6e6fbe13c2aeb1, type: 3}
  - {fileID: 21300004, guid: ec6decc9b63a42d40b6e6fbe13c2aeb1, type: 3}
  - {fileID: 21300006, guid: ec6decc9b63a42d40b6e6fbe13c2aeb1, type: 3}
  - {fileID: 21300008, guid: ec6decc9b63a42d40b6e6fbe13c2aeb1, type: 3}
  - {fileID: 21300010, guid: ec6decc9b63a42d40b6e6fbe13c2aeb1, type: 3}
  - {fileID: 21300012, guid: ec6decc9b63a42d40b6e6fbe13c2aeb1, type: 3}
  - {fileID: 21300014, guid: ec6decc9b63a42d40b6e6fbe13c2aeb1, type: 3}
  - {fileID: 21300016, guid: ec6decc9b63a42d40b6e6fbe13c2aeb1, type: 3}
  - {fileID: 21300018, guid: ec6decc9b63a42d40b6e6fbe13c2aeb1, type: 3}
  - {fileID: 21300020, guid: ec6decc9b63a42d40b6e6fbe13c2aeb1, type: 3}
  mats:
  - {fileID: 2100000, guid: 743ddab715ecdbb489f7794e1335f2f8, type: 2}
  - {fileID: 2100000, guid: e9b101b0793a6a2439ba18b09cba4196, type: 2}
  - {fileID: 2100000, guid: b40ef1431da4d604fa0ca91c97361d1e, type: 2}
  - {fileID: 2100000, guid: f22ff898e5cc6674fa6915c2f8d8cb7f, type: 2}
  - {fileID: 2100000, guid: 98e83d369dc90234a805581d27b3ed97, type: 2}
  - {fileID: 2100000, guid: 4a8518ab2206a9a4d87899d1fe70214a, type: 2}
  - {fileID: 2100000, guid: 10bdc026aeb6644458a6b01d8c0206b3, type: 2}
  - {fileID: 2100000, guid: dc5668877fb388648978d0af0785a372, type: 2}
  - {fileID: 2100000, guid: 57bf2219493ca004cb51686578e9aadb, type: 2}
  - {fileID: 2100000, guid: 11ccc07a2e069d74986bdffe6814d92b, type: 2}
  iconComp: {fileID: 4796561896172687580}
  bgComp: {fileID: 4796768348039407178}
  attrText: {fileID: 4796847861888178886}
--- !u!1 &4828799113713996042
GameObject:
  m_ObjectHideFlags: 0
  m_CorrespondingSourceObject: {fileID: 0}
  m_PrefabInstance: {fileID: 0}
  m_PrefabAsset: {fileID: 0}
  serializedVersion: 6
  m_Component:
  - component: {fileID: 4619075614532505728}
  - component: {fileID: 4796847861888178886}
  - component: {fileID: 4617096843725086204}
  m_Layer: 5
  m_Name: Name
  m_TagString: Untagged
  m_Icon: {fileID: 0}
  m_NavMeshLayer: 0
  m_StaticEditorFlags: 0
  m_IsActive: 1
--- !u!224 &4619075614532505728
RectTransform:
  m_ObjectHideFlags: 0
  m_CorrespondingSourceObject: {fileID: 0}
  m_PrefabInstance: {fileID: 0}
  m_PrefabAsset: {fileID: 0}
  m_GameObject: {fileID: 4828799113713996042}
  m_LocalRotation: {x: -0, y: -0, z: -0, w: 1}
  m_LocalPosition: {x: 0, y: 0, z: 0}
  m_LocalScale: {x: 1, y: 1, z: 1}
  m_Children: []
  m_Father: {fileID: 4618789782679674470}
  m_RootOrder: 1
  m_LocalEulerAnglesHint: {x: 0, y: 0, z: 0}
  m_AnchorMin: {x: 0, y: 1}
  m_AnchorMax: {x: 0, y: 1}
  m_AnchoredPosition: {x: 22, y: 0}
  m_SizeDelta: {x: 90, y: 18}
  m_Pivot: {x: 0, y: 1}
--- !u!114 &4796847861888178886
MonoBehaviour:
  m_ObjectHideFlags: 0
  m_CorrespondingSourceObject: {fileID: 0}
  m_PrefabInstance: {fileID: 0}
  m_PrefabAsset: {fileID: 0}
  m_GameObject: {fileID: 4828799113713996042}
  m_Enabled: 1
  m_EditorHideFlags: 0
  m_Script: {fileID: 11500000, guid: 0ffcfb6d0266347848bf69a03919f483, type: 3}
  m_Name: 
  m_EditorClassIdentifier: 
  showAppearanceFoldout: 1
  showMaterialFoldout: 1
  showPositionFoldout: 1
  showTimingFoldout: 0
  showFunctionalityFoldout: 0
  showAudioFoldout: 0
  showEventFoldout: 0
  info:
  - pos: {x: 0, y: -16, z: 0}
    offset: {x: 0, y: 0, z: 0}
    readTime: 0
    unreadTime: 0
    line: 0
    rawIndex: 0
    indent: 0
    drawAnimData: {fileID: 11400000, guid: 79b3a58975db94dc0878c84bf4315875, type: 2}
    size: 16
    alignment: 0
    drawOrder: 0
    ev: []
    ev2: []
    colorData: {fileID: 0}
    gradientData: {fileID: 0}
    textureData: {fileID: 0}
    delayData: {fileID: 0}
    waveData: {fileID: 0}
    jitterData: {fileID: 0}
    readDelay: 0
    audioClipData: {fileID: 0}
    stopPreviousSound: 1
    pitchMode: 0
    overridePitch: 1
    minPitch: 0.9
    maxPitch: 1.2
    speedReadPitch: 0
    fontData: {fileID: 0}
    quadData: {fileID: 0}
    isQuad: 0
    quadIndex: -1
    materialData: {fileID: 0}
    soundClipData: {fileID: 0}
    IdxIdentifier: 0
    InfoInUse: 0
  - pos: {x: 8, y: -16, z: 0}
    offset: {x: 0, y: 0, z: 0}
    readTime: 0
    unreadTime: 0
    line: 0
    rawIndex: 0
    indent: 0
    drawAnimData: {fileID: 11400000, guid: 79b3a58975db94dc0878c84bf4315875, type: 2}
    size: 16
    alignment: 0
    drawOrder: 0
    ev: []
    ev2: []
    colorData: {fileID: 0}
    gradientData: {fileID: 0}
    textureData: {fileID: 0}
    delayData: {fileID: 0}
    waveData: {fileID: 0}
    jitterData: {fileID: 0}
    readDelay: 0
    audioClipData: {fileID: 0}
    stopPreviousSound: 1
    pitchMode: 0
    overridePitch: 1
    minPitch: 0.9
    maxPitch: 1.2
    speedReadPitch: 0
    fontData: {fileID: 0}
    quadData: {fileID: 0}
    isQuad: 0
    quadIndex: -1
    materialData: {fileID: 0}
    soundClipData: {fileID: 0}
    IdxIdentifier: 0
    InfoInUse: 0
  - pos: {x: 14, y: -16, z: 0}
    offset: {x: 0, y: 0, z: 0}
    readTime: 0
    unreadTime: 0
    line: 0
    rawIndex: 1
    indent: 0
    drawAnimData: {fileID: 11400000, guid: 79b3a58975db94dc0878c84bf4315875, type: 2}
    size: 16
    alignment: 0
    drawOrder: 0
    ev: []
    ev2: []
    colorData: {fileID: 0}
    gradientData: {fileID: 0}
    textureData: {fileID: 0}
    delayData: {fileID: 0}
    waveData: {fileID: 0}
    jitterData: {fileID: 0}
    readDelay: 0
    audioClipData: {fileID: 0}
    stopPreviousSound: 1
    pitchMode: 0
    overridePitch: 1
    minPitch: 0.9
    maxPitch: 1.2
    speedReadPitch: 0
    fontData: {fileID: 0}
    quadData: {fileID: 0}
    isQuad: 0
    quadIndex: -1
    materialData: {fileID: 0}
    soundClipData: {fileID: 0}
    IdxIdentifier: 0
    InfoInUse: 0
  - pos: {x: 19, y: -16, z: 0}
    offset: {x: 0, y: 0, z: 0}
    readTime: 0
    unreadTime: 0
    line: 0
    rawIndex: 2
    indent: 0
    drawAnimData: {fileID: 11400000, guid: 79b3a58975db94dc0878c84bf4315875, type: 2}
    size: 16
    alignment: 0
    drawOrder: 0
    ev: []
    ev2: []
    colorData: {fileID: 0}
    gradientData: {fileID: 0}
    textureData: {fileID: 0}
    delayData: {fileID: 0}
    waveData: {fileID: 0}
    jitterData: {fileID: 0}
    readDelay: 0
    audioClipData: {fileID: 0}
    stopPreviousSound: 1
    pitchMode: 0
    overridePitch: 1
    minPitch: 0.9
    maxPitch: 1.2
    speedReadPitch: 0
    fontData: {fileID: 0}
    quadData: {fileID: 0}
    isQuad: 0
    quadIndex: -1
    materialData: {fileID: 0}
    soundClipData: {fileID: 0}
    IdxIdentifier: 0
    InfoInUse: 0
  - pos: {x: 25, y: -16, z: 0}
    offset: {x: 0, y: 0, z: 0}
    readTime: 0
    unreadTime: 0
    line: 0
    rawIndex: 3
    indent: 0
    drawAnimData: {fileID: 11400000, guid: 79b3a58975db94dc0878c84bf4315875, type: 2}
    size: 16
    alignment: 0
    drawOrder: 0
    ev: []
    ev2: []
    colorData: {fileID: 0}
    gradientData: {fileID: 0}
    textureData: {fileID: 0}
    delayData: {fileID: 0}
    waveData: {fileID: 0}
    jitterData: {fileID: 0}
    readDelay: 0
    audioClipData: {fileID: 0}
    stopPreviousSound: 1
    pitchMode: 0
    overridePitch: 1
    minPitch: 0.9
    maxPitch: 1.2
    speedReadPitch: 0
    fontData: {fileID: 0}
    quadData: {fileID: 0}
    isQuad: 0
    quadIndex: -1
    materialData: {fileID: 0}
    soundClipData: {fileID: 0}
    IdxIdentifier: 0
    InfoInUse: 0
  _text: Water
  drawText: Water
  hyphenedText: Water
  font: {fileID: 12800000, guid: 5f476137cb2a14f728c644d081f47ea6, type: 2}
  color:
    serializedVersion: 2
    rgba: 4294967295
  richText: 1
  readDelay: 0
  speedReadScale: 2
  ignoreTimeScale: 1
  disableAnimatedText: 0
  drawAnimName: Appear
  unreadDelay: 0.05
  undrawOrder: 1
  undrawAnimName: Appear
  audioSource: {fileID: 0}
  audioClips: []
  stopPreviousSound: 1
  pitchMode: 0
  overridePitch: 1
  minPitch: 0.9
  maxPitch: 1.2
  speedReadPitch: 0
  perlinPitchMulti: 1
  reading: 0
  unreading: 0
  size: 16
  bestFitMulti: 1
  quality: 16
  filterMode: 0
  style: 0
  baseOffset: {x: 0, y: 4, z: 0}
  lineSpacing: 1
  characterSpacing: 0
  tabSize: 4
  autoWrap: 12
  uiWrap: 1
  uiLimit: 1
  breakText: 0
  insertHyphens: 0
  anchor: 0
  alignment: 0
  verticalLimit: 0
  verticalLimitMode: 2
  leftoverText: 
  textMaterial: {fileID: 2100000, guid: 743ddab715ecdbb489f7794e1335f2f8, type: 2}
  textMesh: {fileID: 0}
  rawTopLeftBounds: {x: 0, y: 0, z: 0}
  rawBottomRightBounds: {x: -90, y: 18, z: 0}
  rawBottomRightTextBounds: {x: 31, y: -16, z: 0}
  topLeftBounds: {x: -14.7575, y: 14.55, z: 86}
  topRightBounds: {x: -9.1325, y: 14.55, z: 86}
  bottomLeftBounds: {x: -14.7575, y: 13.425, z: 86}
  bottomRightBounds: {x: -9.1325, y: 13.425, z: 86}
  centerBounds: {x: -11.945, y: 13.9875, z: 86}
  topLeftTextBounds: {x: -14.7575, y: 14.55, z: 86}
  topRightTextBounds: {x: -12.82, y: 14.55, z: 86}
  bottomLeftTextBounds: {x: -14.7575, y: 13.55, z: 86}
  bottomRightTextBounds: {x: -12.82, y: 13.55, z: 86}
  centerTextBounds: {x: -13.78875, y: 14.05, z: 86}
  finalTopLeftTextBounds: {x: -14.7575, y: 14.55, z: 86}
  finalTopRightTextBounds: {x: -12.82, y: 14.55, z: 86}
  finalBottomLeftTextBounds: {x: -14.7575, y: 13.55, z: 86}
  finalBottomRightTextBounds: {x: -12.82, y: 13.55, z: 86}
  finalCenterTextBounds: {x: -13.78875, y: 14.05, z: 86}
  unwrappedBottomRightTextBounds: {x: 31, y: -16, z: 0}
  onCompleteEvent:
    m_PersistentCalls:
      m_Calls: []
    m_TypeName: UnityEngine.Events.UnityEvent, UnityEngine.CoreModule, Version=0.0.0.0,
      Culture=neutral, PublicKeyToken=null
  onUndrawnEvent:
    m_PersistentCalls:
      m_Calls: []
    m_TypeName: UnityEngine.Events.UnityEvent, UnityEngine.CoreModule, Version=0.0.0.0,
      Culture=neutral, PublicKeyToken=null
  onRebuildEvent:
    m_PersistentCalls:
      m_Calls: []
    m_TypeName: UnityEngine.Events.UnityEvent, UnityEngine.CoreModule, Version=0.0.0.0,
      Culture=neutral, PublicKeyToken=null
  onPrintEvent:
    m_PersistentCalls:
      m_Calls: []
    m_TypeName: UnityEngine.Events.UnityEvent, UnityEngine.CoreModule, Version=0.0.0.0,
      Culture=neutral, PublicKeyToken=null
  onCustomEvent:
    m_PersistentCalls:
      m_Calls: []
    m_TypeName: SuperTextMesh+CustomEvent, Assembly-CSharp, Version=0.0.0.0, Culture=neutral,
      PublicKeyToken=null
  onVertexMod:
    m_PersistentCalls:
      m_Calls: []
    m_TypeName: SuperTextMesh+VertexMod, Assembly-CSharp, Version=0.0.0.0, Culture=neutral,
      PublicKeyToken=null
  onPreParse:
    m_PersistentCalls:
      m_Calls: []
    m_TypeName: SuperTextMesh+PreParse, Assembly-CSharp, Version=0.0.0.0, Culture=neutral,
      PublicKeyToken=null
  debugMode: 0
  totalReadTime: 0.00001
  totalUnreadTime: 0
  currentReadTime: 0.00001
  autoRead: 1
  rememberReadPosition: 1
  autoQuality: 0
  drawOrder: 0
  bestFit: 0
  latestNumber: 4
  currentUnReadTime: 0
  preParsedText: Water
--- !u!222 &4617096843725086204
CanvasRenderer:
  m_ObjectHideFlags: 0
  m_CorrespondingSourceObject: {fileID: 0}
  m_PrefabInstance: {fileID: 0}
  m_PrefabAsset: {fileID: 0}
  m_GameObject: {fileID: 4828799113713996042}
  m_CullTransparentMesh: 0
