%YAML 1.1
%TAG !u! tag:unity3d.com,2011:
--- !u!1 &1690036566645833902
GameObject:
  m_ObjectHideFlags: 0
  m_CorrespondingSourceObject: {fileID: 0}
  m_PrefabInstance: {fileID: 0}
  m_PrefabAsset: {fileID: 0}
  serializedVersion: 6
  m_Component:
  - component: {fileID: 155370572866060373}
  - component: {fileID: 2599062659030715673}
  - component: {fileID: 2247222564145607278}
  - component: {fileID: 5477443446075814629}
  m_Layer: 5
  m_Name: ControlGraphic
  m_TagString: Untagged
  m_Icon: {fileID: 0}
  m_NavMeshLayer: 0
  m_StaticEditorFlags: 0
  m_IsActive: 1
--- !u!224 &155370572866060373
RectTransform:
  m_ObjectHideFlags: 0
  m_CorrespondingSourceObject: {fileID: 0}
  m_PrefabInstance: {fileID: 0}
  m_PrefabAsset: {fileID: 0}
  m_GameObject: {fileID: 1690036566645833902}
  m_LocalRotation: {x: -0, y: -0, z: -0, w: 1}
  m_LocalPosition: {x: 0, y: 0, z: 0}
  m_LocalScale: {x: 1, y: 1, z: 1}
  m_Children:
  - {fileID: 3294005616450582030}
  - {fileID: 725795515443144994}
  - {fileID: 8539738656121175357}
  m_Father: {fileID: 0}
  m_RootOrder: 0
  m_LocalEulerAnglesHint: {x: 0, y: 0, z: 0}
  m_AnchorMin: {x: 0, y: 1}
  m_AnchorMax: {x: 0, y: 1}
  m_AnchoredPosition: {x: 394, y: -17}
  m_SizeDelta: {x: 0, y: 16}
  m_Pivot: {x: 0, y: 0}
--- !u!222 &2599062659030715673
CanvasRenderer:
  m_ObjectHideFlags: 0
  m_CorrespondingSourceObject: {fileID: 0}
  m_PrefabInstance: {fileID: 0}
  m_PrefabAsset: {fileID: 0}
  m_GameObject: {fileID: 1690036566645833902}
  m_CullTransparentMesh: 0
--- !u!114 &2247222564145607278
MonoBehaviour:
  m_ObjectHideFlags: 0
  m_CorrespondingSourceObject: {fileID: 0}
  m_PrefabInstance: {fileID: 0}
  m_PrefabAsset: {fileID: 0}
  m_GameObject: {fileID: 1690036566645833902}
  m_Enabled: 1
  m_EditorHideFlags: 0
  m_Script: {fileID: -405508275, guid: f70555f144d8491a825f0804e09c671c, type: 3}
  m_Name: 
  m_EditorClassIdentifier: 
  m_Padding:
    m_Left: 0
    m_Right: 0
    m_Top: 0
    m_Bottom: 0
  m_ChildAlignment: 0
  m_Spacing: 2
  m_ChildForceExpandWidth: 0
  m_ChildForceExpandHeight: 0
  m_ChildControlWidth: 1
  m_ChildControlHeight: 1
--- !u!114 &5477443446075814629
MonoBehaviour:
  m_ObjectHideFlags: 0
  m_CorrespondingSourceObject: {fileID: 0}
  m_PrefabInstance: {fileID: 0}
  m_PrefabAsset: {fileID: 0}
  m_GameObject: {fileID: 1690036566645833902}
  m_Enabled: 1
  m_EditorHideFlags: 0
  m_Script: {fileID: 1741964061, guid: f70555f144d8491a825f0804e09c671c, type: 3}
  m_Name: 
  m_EditorClassIdentifier: 
  m_HorizontalFit: 2
  m_VerticalFit: 0
--- !u!1 &2325261849373291536
GameObject:
  m_ObjectHideFlags: 0
  m_CorrespondingSourceObject: {fileID: 0}
  m_PrefabInstance: {fileID: 0}
  m_PrefabAsset: {fileID: 0}
  serializedVersion: 6
  m_Component:
  - component: {fileID: 3294005616450582030}
  - component: {fileID: 672855404753540880}
  - component: {fileID: 1130417120219683629}
  m_Layer: 5
  m_Name: Spacer
  m_TagString: Untagged
  m_Icon: {fileID: 0}
  m_NavMeshLayer: 0
  m_StaticEditorFlags: 0
  m_IsActive: 1
--- !u!224 &3294005616450582030
RectTransform:
  m_ObjectHideFlags: 0
  m_CorrespondingSourceObject: {fileID: 0}
  m_PrefabInstance: {fileID: 0}
  m_PrefabAsset: {fileID: 0}
  m_GameObject: {fileID: 2325261849373291536}
  m_LocalRotation: {x: -0, y: -0, z: -0, w: 1}
  m_LocalPosition: {x: 0, y: 0, z: 0}
  m_LocalScale: {x: 1, y: 1, z: 1}
  m_Children: []
  m_Father: {fileID: 155370572866060373}
  m_RootOrder: 0
  m_LocalEulerAnglesHint: {x: 0, y: 0, z: 0}
  m_AnchorMin: {x: 0, y: 0}
  m_AnchorMax: {x: 0, y: 0}
  m_AnchoredPosition: {x: 0, y: 0}
  m_SizeDelta: {x: 0, y: 0}
  m_Pivot: {x: 0.5, y: 0.5}
--- !u!222 &672855404753540880
CanvasRenderer:
  m_ObjectHideFlags: 0
  m_CorrespondingSourceObject: {fileID: 0}
  m_PrefabInstance: {fileID: 0}
  m_PrefabAsset: {fileID: 0}
  m_GameObject: {fileID: 2325261849373291536}
  m_CullTransparentMesh: 0
--- !u!114 &1130417120219683629
MonoBehaviour:
  m_ObjectHideFlags: 0
  m_CorrespondingSourceObject: {fileID: 0}
  m_PrefabInstance: {fileID: 0}
  m_PrefabAsset: {fileID: 0}
  m_GameObject: {fileID: 2325261849373291536}
  m_Enabled: 1
  m_EditorHideFlags: 0
  m_Script: {fileID: -765806418, guid: f70555f144d8491a825f0804e09c671c, type: 3}
  m_Name: 
  m_EditorClassIdentifier: 
  m_Material: {fileID: 0}
  m_Color: {r: 1, g: 1, b: 1, a: 1}
  m_RaycastTarget: 1
  m_OnCullStateChanged:
    m_PersistentCalls:
      m_Calls: []
    m_TypeName: UnityEngine.UI.MaskableGraphic+CullStateChangedEvent, UnityEngine.UI,
      Version=1.0.0.0, Culture=neutral, PublicKeyToken=null
  m_Sprite: {fileID: 0}
  m_Type: 0
  m_PreserveAspect: 0
  m_FillCenter: 1
  m_FillMethod: 4
  m_FillAmount: 1
  m_FillClockwise: 1
  m_FillOrigin: 0
  m_UseSpriteMesh: 0
--- !u!1 &3194331001884997323
GameObject:
  m_ObjectHideFlags: 0
  m_CorrespondingSourceObject: {fileID: 0}
  m_PrefabInstance: {fileID: 0}
  m_PrefabAsset: {fileID: 0}
  serializedVersion: 6
  m_Component:
  - component: {fileID: 725795515443144994}
  - component: {fileID: 7194836342544267108}
  - component: {fileID: 7956852360809202932}
  m_Layer: 5
  m_Name: Icon
  m_TagString: Untagged
  m_Icon: {fileID: 0}
  m_NavMeshLayer: 0
  m_StaticEditorFlags: 0
  m_IsActive: 1
--- !u!224 &725795515443144994
RectTransform:
  m_ObjectHideFlags: 0
  m_CorrespondingSourceObject: {fileID: 0}
  m_PrefabInstance: {fileID: 0}
  m_PrefabAsset: {fileID: 0}
  m_GameObject: {fileID: 3194331001884997323}
  m_LocalRotation: {x: 0, y: 0, z: 0, w: 1}
  m_LocalPosition: {x: 0, y: 0, z: 0}
  m_LocalScale: {x: 1, y: 1, z: 1}
  m_Children: []
  m_Father: {fileID: 155370572866060373}
  m_RootOrder: 1
  m_LocalEulerAnglesHint: {x: 0, y: 0, z: 0}
  m_AnchorMin: {x: 0, y: 0}
  m_AnchorMax: {x: 0, y: 0}
  m_AnchoredPosition: {x: 0, y: 0}
  m_SizeDelta: {x: 0, y: 0}
  m_Pivot: {x: 0.5, y: 0.5}
--- !u!222 &7194836342544267108
CanvasRenderer:
  m_ObjectHideFlags: 0
  m_CorrespondingSourceObject: {fileID: 0}
  m_PrefabInstance: {fileID: 0}
  m_PrefabAsset: {fileID: 0}
  m_GameObject: {fileID: 3194331001884997323}
  m_CullTransparentMesh: 0
--- !u!114 &7956852360809202932
MonoBehaviour:
  m_ObjectHideFlags: 0
  m_CorrespondingSourceObject: {fileID: 0}
  m_PrefabInstance: {fileID: 0}
  m_PrefabAsset: {fileID: 0}
  m_GameObject: {fileID: 3194331001884997323}
  m_Enabled: 1
  m_EditorHideFlags: 0
  m_Script: {fileID: -765806418, guid: f70555f144d8491a825f0804e09c671c, type: 3}
  m_Name: 
  m_EditorClassIdentifier: 
  m_Material: {fileID: 0}
  m_Color: {r: 1, g: 1, b: 1, a: 1}
  m_RaycastTarget: 1
  m_OnCullStateChanged:
    m_PersistentCalls:
      m_Calls: []
    m_TypeName: UnityEngine.UI.MaskableGraphic+CullStateChangedEvent, UnityEngine.UI,
      Version=1.0.0.0, Culture=neutral, PublicKeyToken=null
  m_Sprite: {fileID: 0}
  m_Type: 0
  m_PreserveAspect: 0
  m_FillCenter: 1
  m_FillMethod: 4
  m_FillAmount: 1
  m_FillClockwise: 1
  m_FillOrigin: 0
  m_UseSpriteMesh: 0
--- !u!1 &7237235613154985278
GameObject:
  m_ObjectHideFlags: 0
  m_CorrespondingSourceObject: {fileID: 0}
  m_PrefabInstance: {fileID: 0}
  m_PrefabAsset: {fileID: 0}
  serializedVersion: 6
  m_Component:
  - component: {fileID: 8539738656121175357}
  - component: {fileID: 322767564977363605}
  - component: {fileID: 7401768541063521800}
  - component: {fileID: 2928141641297135950}
  - component: {fileID: 6467909843767317568}
  m_Layer: 5
  m_Name: ControlText
  m_TagString: Untagged
  m_Icon: {fileID: 0}
  m_NavMeshLayer: 0
  m_StaticEditorFlags: 0
  m_IsActive: 1
--- !u!224 &8539738656121175357
RectTransform:
  m_ObjectHideFlags: 0
  m_CorrespondingSourceObject: {fileID: 0}
  m_PrefabInstance: {fileID: 0}
  m_PrefabAsset: {fileID: 0}
  m_GameObject: {fileID: 7237235613154985278}
  m_LocalRotation: {x: 0, y: 0, z: 0, w: 1}
  m_LocalPosition: {x: 0, y: 0, z: 0}
  m_LocalScale: {x: 1, y: 1, z: 1}
  m_Children: []
  m_Father: {fileID: 155370572866060373}
  m_RootOrder: 2
  m_LocalEulerAnglesHint: {x: 0, y: 0, z: 0}
  m_AnchorMin: {x: 0, y: 0}
  m_AnchorMax: {x: 0, y: 0}
  m_AnchoredPosition: {x: 0, y: 0}
  m_SizeDelta: {x: 0, y: 0}
  m_Pivot: {x: 0.5, y: 0.5}
--- !u!114 &322767564977363605
MonoBehaviour:
  m_ObjectHideFlags: 0
  m_CorrespondingSourceObject: {fileID: 0}
  m_PrefabInstance: {fileID: 0}
  m_PrefabAsset: {fileID: 0}
  m_GameObject: {fileID: 7237235613154985278}
  m_Enabled: 1
  m_EditorHideFlags: 0
  m_Script: {fileID: 11500000, guid: 0ffcfb6d0266347848bf69a03919f483, type: 3}
  m_Name: 
  m_EditorClassIdentifier: 
  showAppearanceFoldout: 1
  showMaterialFoldout: 1
  showPositionFoldout: 1
  showTimingFoldout: 0
  showFunctionalityFoldout: 0
  showAudioFoldout: 0
  showEventFoldout: 0
  info: []
  _text: 
  drawText: 
  hyphenedText: 
  font: {fileID: 12800000, guid: 5f476137cb2a14f728c644d081f47ea6, type: 2}
  color:
    serializedVersion: 2
    rgba: 4294967295
  richText: 1
  readDelay: 0
  speedReadScale: 2
  ignoreTimeScale: 1
  disableAnimatedText: 0
  drawAnimName: Appear
  unreadDelay: 0.05
  undrawOrder: 1
  undrawAnimName: Appear
  audioSource: {fileID: 0}
  audioClips: []
  stopPreviousSound: 1
  pitchMode: 0
  overridePitch: 1
  minPitch: 0.9
  maxPitch: 1.2
  speedReadPitch: 0
  perlinPitchMulti: 1
  reading: 0
  unreading: 0
  size: 16
  bestFitMulti: 1
  quality: 16
  filterMode: 0
  style: 0
  baseOffset: {x: 0, y: 4, z: 0}
  lineSpacing: 1
  characterSpacing: 0
  tabSize: 4
  autoWrap: 12
  uiWrap: 1
  uiLimit: 1
  breakText: 0
  insertHyphens: 0
  anchor: 0
  alignment: 0
  verticalLimit: 0
  verticalLimitMode: 2
  leftoverText: 
  textMaterial: {fileID: 2100000, guid: e490a80c3724140c0ad176edb075a09e, type: 2}
  textMesh: {fileID: 0}
  rawTopLeftBounds: {x: 0, y: -8, z: 0}
  rawBottomRightBounds: {x: 0, y: 8, z: 0}
  rawBottomRightTextBounds: {x: 0, y: 0, z: 0}
  topLeftBounds: {x: -3.6949997, y: 11.7375, z: 86}
  topRightBounds: {x: -3.6949997, y: 11.7375, z: 86}
  bottomLeftBounds: {x: -3.6949997, y: 10.7375, z: 86}
  bottomRightBounds: {x: -3.6949997, y: 10.7375, z: 86}
  centerBounds: {x: -3.6949997, y: 11.2375, z: 86}
  topLeftTextBounds: {x: 0, y: 0, z: 0}
  topRightTextBounds: {x: 0, y: 0, z: 0}
  bottomLeftTextBounds: {x: 0, y: 0, z: 0}
  bottomRightTextBounds: {x: 0, y: 0, z: 0}
  centerTextBounds: {x: 0, y: 0, z: 0}
  finalTopLeftTextBounds: {x: 0, y: 0, z: 0}
  finalTopRightTextBounds: {x: 0, y: 0, z: 0}
  finalBottomLeftTextBounds: {x: 0, y: 0, z: 0}
  finalBottomRightTextBounds: {x: 0, y: 0, z: 0}
  finalCenterTextBounds: {x: 0, y: 0, z: 0}
  unwrappedBottomRightTextBounds: {x: 0, y: 0, z: 0}
  onCompleteEvent:
    m_PersistentCalls:
      m_Calls: []
    m_TypeName: UnityEngine.Events.UnityEvent, UnityEngine.CoreModule, Version=0.0.0.0,
      Culture=neutral, PublicKeyToken=null
  onUndrawnEvent:
    m_PersistentCalls:
      m_Calls: []
    m_TypeName: UnityEngine.Events.UnityEvent, UnityEngine.CoreModule, Version=0.0.0.0,
      Culture=neutral, PublicKeyToken=null
  onRebuildEvent:
    m_PersistentCalls:
      m_Calls: []
    m_TypeName: UnityEngine.Events.UnityEvent, UnityEngine.CoreModule, Version=0.0.0.0,
      Culture=neutral, PublicKeyToken=null
  onPrintEvent:
    m_PersistentCalls:
      m_Calls: []
    m_TypeName: UnityEngine.Events.UnityEvent, UnityEngine.CoreModule, Version=0.0.0.0,
      Culture=neutral, PublicKeyToken=null
  onCustomEvent:
    m_PersistentCalls:
      m_Calls: []
    m_TypeName: SuperTextMesh+CustomEvent, Assembly-CSharp, Version=0.0.0.0, Culture=neutral,
      PublicKeyToken=null
  onVertexMod:
    m_PersistentCalls:
      m_Calls: []
    m_TypeName: SuperTextMesh+VertexMod, Assembly-CSharp, Version=0.0.0.0, Culture=neutral,
      PublicKeyToken=null
  onPreParse:
    m_PersistentCalls:
      m_Calls: []
    m_TypeName: SuperTextMesh+PreParse, Assembly-CSharp, Version=0.0.0.0, Culture=neutral,
      PublicKeyToken=null
  debugMode: 0
  totalReadTime: 0.00001
  totalUnreadTime: 0
  currentReadTime: 0.00001
  autoRead: 1
  rememberReadPosition: 1
  autoQuality: 0
  drawOrder: 0
  bestFit: 0
  latestNumber: 16
  currentUnReadTime: 0
  preParsedText: 
--- !u!222 &7401768541063521800
CanvasRenderer:
  m_ObjectHideFlags: 0
  m_CorrespondingSourceObject: {fileID: 0}
  m_PrefabInstance: {fileID: 0}
  m_PrefabAsset: {fileID: 0}
  m_GameObject: {fileID: 7237235613154985278}
  m_CullTransparentMesh: 0
--- !u!114 &2928141641297135950
MonoBehaviour:
  m_ObjectHideFlags: 0
  m_CorrespondingSourceObject: {fileID: 0}
  m_PrefabInstance: {fileID: 0}
  m_PrefabAsset: {fileID: 0}
  m_GameObject: {fileID: 7237235613154985278}
  m_Enabled: 1
  m_EditorHideFlags: 0
  m_Script: {fileID: 1679637790, guid: f70555f144d8491a825f0804e09c671c, type: 3}
  m_Name: 
  m_EditorClassIdentifier: 
  m_IgnoreLayout: 0
  m_MinWidth: -1
  m_MinHeight: 16
  m_PreferredWidth: -1
  m_PreferredHeight: 16
  m_FlexibleWidth: -1
  m_FlexibleHeight: -1
  m_LayoutPriority: 1
--- !u!114 &6467909843767317568
MonoBehaviour:
  m_ObjectHideFlags: 0
  m_CorrespondingSourceObject: {fileID: 0}
  m_PrefabInstance: {fileID: 0}
  m_PrefabAsset: {fileID: 0}
  m_GameObject: {fileID: 7237235613154985278}
  m_Enabled: 1
  m_EditorHideFlags: 0
  m_Script: {fileID: 11500000, guid: 56c64da5f255f3a4185e92374500949d, type: 3}
  m_Name: 
  m_EditorClassIdentifier: 
  callOnAwake: 0
  translationKey: 
