%YAML 1.1
%TAG !u! tag:unity3d.com,2011:
--- !u!1 &5087524454145010181
GameObject:
  m_ObjectHideFlags: 0
  m_CorrespondingSourceObject: {fileID: 0}
  m_PrefabInstance: {fileID: 0}
  m_PrefabAsset: {fileID: 0}
  serializedVersion: 6
  m_Component:
  - component: {fileID: 430323330902627268}
  - component: {fileID: 6239985521846881524}
  - component: {fileID: 7730850364690859145}
  m_Layer: 5
  m_Name: Crafting Icon
  m_TagString: Untagged
  m_Icon: {fileID: 0}
  m_NavMeshLayer: 0
  m_StaticEditorFlags: 0
  m_IsActive: 0
--- !u!224 &430323330902627268
RectTransform:
  m_ObjectHideFlags: 0
  m_CorrespondingSourceObject: {fileID: 0}
  m_PrefabInstance: {fileID: 0}
  m_PrefabAsset: {fileID: 0}
  m_GameObject: {fileID: 5087524454145010181}
  m_LocalRotation: {x: 0, y: 0, z: 0, w: 1}
  m_LocalPosition: {x: 0, y: 0, z: 0}
  m_LocalScale: {x: 1, y: 1, z: 1}
  m_Children: []
  m_Father: {fileID: 1848195494300475725}
  m_RootOrder: 1
  m_LocalEulerAnglesHint: {x: 0, y: 0, z: 0}
  m_AnchorMin: {x: 0, y: 1}
  m_AnchorMax: {x: 0, y: 1}
  m_AnchoredPosition: {x: 166, y: -2}
  m_SizeDelta: {x: 16, y: 16}
  m_Pivot: {x: 0, y: 1}
--- !u!222 &6239985521846881524
CanvasRenderer:
  m_ObjectHideFlags: 0
  m_CorrespondingSourceObject: {fileID: 0}
  m_PrefabInstance: {fileID: 0}
  m_PrefabAsset: {fileID: 0}
  m_GameObject: {fileID: 5087524454145010181}
  m_CullTransparentMesh: 0
--- !u!114 &7730850364690859145
MonoBehaviour:
  m_ObjectHideFlags: 0
  m_CorrespondingSourceObject: {fileID: 0}
  m_PrefabInstance: {fileID: 0}
  m_PrefabAsset: {fileID: 0}
  m_GameObject: {fileID: 5087524454145010181}
  m_Enabled: 1
  m_EditorHideFlags: 0
  m_Script: {fileID: -765806418, guid: f70555f144d8491a825f0804e09c671c, type: 3}
  m_Name: 
  m_EditorClassIdentifier: 
  m_Material: {fileID: 0}
  m_Color: {r: 1, g: 1, b: 1, a: 1}
  m_RaycastTarget: 0
  m_OnCullStateChanged:
    m_PersistentCalls:
      m_Calls: []
    m_TypeName: UnityEngine.UI.MaskableGraphic+CullStateChangedEvent, UnityEngine.UI,
      Version=1.0.0.0, Culture=neutral, PublicKeyToken=null
  m_Sprite: {fileID: 21300000, guid: 6fd1c8ca2d8a59e44aaaaf825c76b828, type: 3}
  m_Type: 0
  m_PreserveAspect: 0
  m_FillCenter: 1
  m_FillMethod: 4
  m_FillAmount: 1
  m_FillClockwise: 1
  m_FillOrigin: 0
  m_UseSpriteMesh: 0
--- !u!1 &5298190778632919015
GameObject:
  m_ObjectHideFlags: 0
  m_CorrespondingSourceObject: {fileID: 0}
  m_PrefabInstance: {fileID: 0}
  m_PrefabAsset: {fileID: 0}
  serializedVersion: 6
  m_Component:
  - component: {fileID: 8841159682331869047}
  - component: {fileID: 6667907874308621086}
  - component: {fileID: 36706632465447225}
  m_Layer: 5
  m_Name: Elixir BG
  m_TagString: Untagged
  m_Icon: {fileID: 0}
  m_NavMeshLayer: 0
  m_StaticEditorFlags: 0
  m_IsActive: 1
--- !u!224 &8841159682331869047
RectTransform:
  m_ObjectHideFlags: 0
  m_CorrespondingSourceObject: {fileID: 0}
  m_PrefabInstance: {fileID: 0}
  m_PrefabAsset: {fileID: 0}
  m_GameObject: {fileID: 5298190778632919015}
  m_LocalRotation: {x: -0, y: -0, z: -0, w: 1}
  m_LocalPosition: {x: 0, y: 0, z: 0}
  m_LocalScale: {x: 1, y: 1, z: 1}
  m_Children:
  - {fileID: 5564128467469198584}
  - {fileID: 6979256064529609987}
  m_Father: {fileID: 1848195494300475725}
  m_RootOrder: 2
  m_LocalEulerAnglesHint: {x: 0, y: 0, z: 0}
  m_AnchorMin: {x: 1, y: 1}
  m_AnchorMax: {x: 1, y: 1}
  m_AnchoredPosition: {x: 0, y: 0}
  m_SizeDelta: {x: 48, y: 20}
  m_Pivot: {x: 1, y: 1}
--- !u!222 &6667907874308621086
CanvasRenderer:
  m_ObjectHideFlags: 0
  m_CorrespondingSourceObject: {fileID: 0}
  m_PrefabInstance: {fileID: 0}
  m_PrefabAsset: {fileID: 0}
  m_GameObject: {fileID: 5298190778632919015}
  m_CullTransparentMesh: 0
--- !u!114 &36706632465447225
MonoBehaviour:
  m_ObjectHideFlags: 0
  m_CorrespondingSourceObject: {fileID: 0}
  m_PrefabInstance: {fileID: 0}
  m_PrefabAsset: {fileID: 0}
  m_GameObject: {fileID: 5298190778632919015}
  m_Enabled: 1
  m_EditorHideFlags: 0
  m_Script: {fileID: -765806418, guid: f70555f144d8491a825f0804e09c671c, type: 3}
  m_Name: 
  m_EditorClassIdentifier: 
  m_Material: {fileID: 0}
  m_Color: {r: 1, g: 1, b: 1, a: 1}
  m_RaycastTarget: 0
  m_OnCullStateChanged:
    m_PersistentCalls:
      m_Calls: []
    m_TypeName: UnityEngine.UI.MaskableGraphic+CullStateChangedEvent, UnityEngine.UI,
      Version=1.0.0.0, Culture=neutral, PublicKeyToken=null
  m_Sprite: {fileID: 21300016, guid: a1d56869cf8039f41b4032baa610c204, type: 3}
  m_Type: 1
  m_PreserveAspect: 0
  m_FillCenter: 1
  m_FillMethod: 4
  m_FillAmount: 1
  m_FillClockwise: 1
  m_FillOrigin: 0
  m_UseSpriteMesh: 0
--- !u!1 &5825000572250820629
GameObject:
  m_ObjectHideFlags: 0
  m_CorrespondingSourceObject: {fileID: 0}
  m_PrefabInstance: {fileID: 0}
  m_PrefabAsset: {fileID: 0}
  serializedVersion: 6
  m_Component:
  - component: {fileID: 1848195494300475725}
  - component: {fileID: 3800355729360654521}
  - component: {fileID: 7273818926322044281}
  - component: {fileID: 4968519603495094343}
  - component: {fileID: 7735131887652318430}
  m_Layer: 5
  m_Name: Tier A
  m_TagString: Untagged
  m_Icon: {fileID: 0}
  m_NavMeshLayer: 0
  m_StaticEditorFlags: 0
  m_IsActive: 1
--- !u!224 &1848195494300475725
RectTransform:
  m_ObjectHideFlags: 0
  m_CorrespondingSourceObject: {fileID: 0}
  m_PrefabInstance: {fileID: 0}
  m_PrefabAsset: {fileID: 0}
  m_GameObject: {fileID: 5825000572250820629}
  m_LocalRotation: {x: 0, y: 0, z: 0, w: 1}
  m_LocalPosition: {x: 0, y: 0, z: 0}
  m_LocalScale: {x: 1, y: 1, z: 1}
  m_Children:
  - {fileID: 609014939717857483}
  - {fileID: 430323330902627268}
  - {fileID: 8841159682331869047}
  m_Father: {fileID: 0}
  m_RootOrder: 0
  m_LocalEulerAnglesHint: {x: 0, y: 0, z: 0}
  m_AnchorMin: {x: 0, y: 0}
  m_AnchorMax: {x: 0, y: 0}
  m_AnchoredPosition: {x: 0, y: 0}
  m_SizeDelta: {x: 189, y: 16}
  m_Pivot: {x: 0, y: 1}
--- !u!222 &3800355729360654521
CanvasRenderer:
  m_ObjectHideFlags: 0
  m_CorrespondingSourceObject: {fileID: 0}
  m_PrefabInstance: {fileID: 0}
  m_PrefabAsset: {fileID: 0}
  m_GameObject: {fileID: 5825000572250820629}
  m_CullTransparentMesh: 0
--- !u!114 &7273818926322044281
MonoBehaviour:
  m_ObjectHideFlags: 0
  m_CorrespondingSourceObject: {fileID: 0}
  m_PrefabInstance: {fileID: 0}
  m_PrefabAsset: {fileID: 0}
  m_GameObject: {fileID: 5825000572250820629}
  m_Enabled: 1
  m_EditorHideFlags: 0
  m_Script: {fileID: -765806418, guid: f70555f144d8491a825f0804e09c671c, type: 3}
  m_Name: 
  m_EditorClassIdentifier: 
  m_Material: {fileID: 0}
  m_Color: {r: 1, g: 1, b: 1, a: 1}
  m_RaycastTarget: 1
  m_OnCullStateChanged:
    m_PersistentCalls:
      m_Calls: []
    m_TypeName: UnityEngine.UI.MaskableGraphic+CullStateChangedEvent, UnityEngine.UI,
      Version=1.0.0.0, Culture=neutral, PublicKeyToken=null
  m_Sprite: {fileID: 21300014, guid: a1d56869cf8039f41b4032baa610c204, type: 3}
  m_Type: 1
  m_PreserveAspect: 0
  m_FillCenter: 1
  m_FillMethod: 4
  m_FillAmount: 1
  m_FillClockwise: 1
  m_FillOrigin: 0
  m_UseSpriteMesh: 0
--- !u!114 &4968519603495094343
MonoBehaviour:
  m_ObjectHideFlags: 0
  m_CorrespondingSourceObject: {fileID: 0}
  m_PrefabInstance: {fileID: 0}
  m_PrefabAsset: {fileID: 0}
  m_GameObject: {fileID: 5825000572250820629}
  m_Enabled: 1
  m_EditorHideFlags: 0
  m_Script: {fileID: 1392445389, guid: f70555f144d8491a825f0804e09c671c, type: 3}
  m_Name: 
  m_EditorClassIdentifier: 
  m_Navigation:
    m_Mode: 3
    m_SelectOnUp: {fileID: 0}
    m_SelectOnDown: {fileID: 0}
    m_SelectOnLeft: {fileID: 0}
    m_SelectOnRight: {fileID: 0}
  m_Transition: 2
  m_Colors:
    m_NormalColor: {r: 1, g: 1, b: 1, a: 1}
    m_HighlightedColor: {r: 0.9607843, g: 0.9607843, b: 0.9607843, a: 1}
    m_PressedColor: {r: 0.78431374, g: 0.78431374, b: 0.78431374, a: 1}
    m_DisabledColor: {r: 0.78431374, g: 0.78431374, b: 0.78431374, a: 0.5019608}
    m_ColorMultiplier: 1
    m_FadeDuration: 0.1
  m_SpriteState:
    m_HighlightedSprite: {fileID: 21300002, guid: a1d56869cf8039f41b4032baa610c204,
      type: 3}
    m_PressedSprite: {fileID: 21300002, guid: a1d56869cf8039f41b4032baa610c204, type: 3}
    m_DisabledSprite: {fileID: 21300022, guid: a1d56869cf8039f41b4032baa610c204, type: 3}
  m_AnimationTriggers:
    m_NormalTrigger: Normal
    m_HighlightedTrigger: Highlighted
    m_PressedTrigger: Pressed
    m_DisabledTrigger: Disabled
  m_Interactable: 1
  m_TargetGraphic: {fileID: 7273818926322044281}
  m_OnClick:
    m_PersistentCalls:
      m_Calls: []
    m_TypeName: UnityEngine.UI.Button+ButtonClickedEvent, UnityEngine.UI, Version=1.0.0.0,
      Culture=neutral, PublicKeyToken=null
--- !u!114 &7735131887652318430
MonoBehaviour:
  m_ObjectHideFlags: 0
  m_CorrespondingSourceObject: {fileID: 0}
  m_PrefabInstance: {fileID: 0}
  m_PrefabAsset: {fileID: 0}
  m_GameObject: {fileID: 5825000572250820629}
  m_Enabled: 1
  m_EditorHideFlags: 0
  m_Script: {fileID: -1862395651, guid: f70555f144d8491a825f0804e09c671c, type: 3}
  m_Name: 
  m_EditorClassIdentifier: 
  m_Delegates: []
  delegates: []
--- !u!1 &7942597835101435749
GameObject:
  m_ObjectHideFlags: 0
  m_CorrespondingSourceObject: {fileID: 0}
  m_PrefabInstance: {fileID: 0}
  m_PrefabAsset: {fileID: 0}
  serializedVersion: 6
  m_Component:
  - component: {fileID: 609014939717857483}
  - component: {fileID: 1248064885687855891}
  - component: {fileID: 7277596469754561655}
  m_Layer: 5
  m_Name: Tier Text
  m_TagString: Untagged
  m_Icon: {fileID: 0}
  m_NavMeshLayer: 0
  m_StaticEditorFlags: 0
  m_IsActive: 1
--- !u!224 &609014939717857483
RectTransform:
  m_ObjectHideFlags: 0
  m_CorrespondingSourceObject: {fileID: 0}
  m_PrefabInstance: {fileID: 0}
  m_PrefabAsset: {fileID: 0}
  m_GameObject: {fileID: 7942597835101435749}
  m_LocalRotation: {x: -0, y: -0, z: -0, w: 1}
  m_LocalPosition: {x: 0, y: 0, z: 0}
  m_LocalScale: {x: 1, y: 1, z: 1}
  m_Children: []
  m_Father: {fileID: 1848195494300475725}
  m_RootOrder: 0
  m_LocalEulerAnglesHint: {x: 0, y: 0, z: 0}
  m_AnchorMin: {x: 0, y: 1}
  m_AnchorMax: {x: 0, y: 1}
  m_AnchoredPosition: {x: 4, y: -2}
  m_SizeDelta: {x: 180, y: 16}
  m_Pivot: {x: 0, y: 1}
--- !u!114 &1248064885687855891
MonoBehaviour:
  m_ObjectHideFlags: 0
  m_CorrespondingSourceObject: {fileID: 0}
  m_PrefabInstance: {fileID: 0}
  m_PrefabAsset: {fileID: 0}
  m_GameObject: {fileID: 7942597835101435749}
  m_Enabled: 1
  m_EditorHideFlags: 0
  m_Script: {fileID: 11500000, guid: 0ffcfb6d0266347848bf69a03919f483, type: 3}
  m_Name: 
  m_EditorClassIdentifier: 
  showAppearanceFoldout: 1
  showMaterialFoldout: 1
  showPositionFoldout: 1
  showTimingFoldout: 0
  showFunctionalityFoldout: 0
  showAudioFoldout: 0
  showEventFoldout: 0
  info:
  - pos: {x: 0, y: -16, z: 0}
    readTime: 0
    unreadTime: 0
    line: 0
    rawIndex: 0
    indent: 0
    drawAnimData: {fileID: 11400000, guid: 79b3a58975db94dc0878c84bf4315875, type: 2}
    size: 16
    alignment: 0
    drawOrder: 0
    ev: []
    ev2: []
    colorData: {fileID: 0}
    gradientData: {fileID: 0}
    textureData: {fileID: 0}
    delayData: {fileID: 0}
    waveData: {fileID: 0}
    jitterData: {fileID: 0}
    readDelay: 0
    audioClipData: {fileID: 0}
    stopPreviousSound: 1
    pitchMode: 0
    overridePitch: 1
    minPitch: 0.9
    maxPitch: 1.2
    speedReadPitch: 0
    fontData: {fileID: 0}
    quadData: {fileID: 0}
    isQuad: 0
    quadIndex: -1
    materialData: {fileID: 0}
    soundClipData: {fileID: 0}
    IdxIdentifier: 0
    InfoInUse: 0
  - pos: {x: 7, y: -16, z: 0}
    readTime: 0
    unreadTime: 0
    line: 0
    rawIndex: 0
    indent: 0
    drawAnimData: {fileID: 11400000, guid: 79b3a58975db94dc0878c84bf4315875, type: 2}
    size: 16
    alignment: 0
    drawOrder: 0
    ev: []
    ev2: []
    colorData: {fileID: 0}
    gradientData: {fileID: 0}
    textureData: {fileID: 0}
    delayData: {fileID: 0}
    waveData: {fileID: 0}
    jitterData: {fileID: 0}
    readDelay: 0
    audioClipData: {fileID: 0}
    stopPreviousSound: 1
    pitchMode: 0
    overridePitch: 1
    minPitch: 0.9
    maxPitch: 1.2
    speedReadPitch: 0
    fontData: {fileID: 0}
    quadData: {fileID: 0}
    isQuad: 0
    quadIndex: -1
    materialData: {fileID: 0}
    soundClipData: {fileID: 0}
    IdxIdentifier: 0
    InfoInUse: 0
  - pos: {x: 10, y: -16, z: 0}
    readTime: 0
    unreadTime: 0
    line: 0
    rawIndex: 1
    indent: 0
    drawAnimData: {fileID: 11400000, guid: 79b3a58975db94dc0878c84bf4315875, type: 2}
    size: 16
    alignment: 0
    drawOrder: 0
    ev: []
    ev2: []
    colorData: {fileID: 0}
    gradientData: {fileID: 0}
    textureData: {fileID: 0}
    delayData: {fileID: 0}
    waveData: {fileID: 0}
    jitterData: {fileID: 0}
    readDelay: 0
    audioClipData: {fileID: 0}
    stopPreviousSound: 1
    pitchMode: 0
    overridePitch: 1
    minPitch: 0.9
    maxPitch: 1.2
    speedReadPitch: 0
    fontData: {fileID: 0}
    quadData: {fileID: 0}
    isQuad: 0
    quadIndex: -1
    materialData: {fileID: 0}
    soundClipData: {fileID: 0}
    IdxIdentifier: 0
    InfoInUse: 0
  - pos: {x: 16, y: -16, z: 0}
    readTime: 0
    unreadTime: 0
    line: 0
    rawIndex: 2
    indent: 0
    drawAnimData: {fileID: 11400000, guid: 79b3a58975db94dc0878c84bf4315875, type: 2}
    size: 16
    alignment: 0
    drawOrder: 0
    ev: []
    ev2: []
    colorData: {fileID: 0}
    gradientData: {fileID: 0}
    textureData: {fileID: 0}
    delayData: {fileID: 0}
    waveData: {fileID: 0}
    jitterData: {fileID: 0}
    readDelay: 0
    audioClipData: {fileID: 0}
    stopPreviousSound: 1
    pitchMode: 0
    overridePitch: 1
    minPitch: 0.9
    maxPitch: 1.2
    speedReadPitch: 0
    fontData: {fileID: 0}
    quadData: {fileID: 0}
    isQuad: 0
    quadIndex: -1
    materialData: {fileID: 0}
    soundClipData: {fileID: 0}
    IdxIdentifier: 0
    InfoInUse: 0
  - pos: {x: 22, y: -16, z: 0}
    readTime: 0
    unreadTime: 0
    line: 0
    rawIndex: 3
    indent: 0
    drawAnimData: {fileID: 11400000, guid: 79b3a58975db94dc0878c84bf4315875, type: 2}
    size: 16
    alignment: 0
    drawOrder: 0
    ev: []
    ev2: []
    colorData: {fileID: 0}
    gradientData: {fileID: 0}
    textureData: {fileID: 0}
    delayData: {fileID: 0}
    waveData: {fileID: 0}
    jitterData: {fileID: 0}
    readDelay: 0
    audioClipData: {fileID: 0}
    stopPreviousSound: 1
    pitchMode: 0
    overridePitch: 1
    minPitch: 0.9
    maxPitch: 1.2
    speedReadPitch: 0
    fontData: {fileID: 0}
    quadData: {fileID: 0}
    isQuad: 0
    quadIndex: -1
    materialData: {fileID: 0}
    soundClipData: {fileID: 0}
    IdxIdentifier: 0
    InfoInUse: 0
  - pos: {x: 25, y: -16, z: 0}
    readTime: 0
    unreadTime: 0
    line: 0
    rawIndex: 4
    indent: 0
    drawAnimData: {fileID: 11400000, guid: 79b3a58975db94dc0878c84bf4315875, type: 2}
    size: 16
    alignment: 0
    drawOrder: 0
    ev: []
    ev2: []
    colorData: {fileID: 0}
    gradientData: {fileID: 0}
    textureData: {fileID: 0}
    delayData: {fileID: 0}
    waveData: {fileID: 0}
    jitterData: {fileID: 0}
    readDelay: 0
    audioClipData: {fileID: 0}
    stopPreviousSound: 1
    pitchMode: 0
    overridePitch: 1
    minPitch: 0.9
    maxPitch: 1.2
    speedReadPitch: 0
    fontData: {fileID: 0}
    quadData: {fileID: 0}
    isQuad: 0
    quadIndex: -1
    materialData: {fileID: 0}
    soundClipData: {fileID: 0}
    IdxIdentifier: 0
    InfoInUse: 0
  _text: Tier A
  drawText: Tier A
  hyphenedText: Tier A
  font: {fileID: 12800000, guid: 5f476137cb2a14f728c644d081f47ea6, type: 2}
  color:
    serializedVersion: 2
    rgba: 4294967295
  richText: 1
  readDelay: 0
  speedReadScale: 2
  ignoreTimeScale: 1
  disableAnimatedText: 0
  drawAnimName: Appear
  unreadDelay: 0.05
  undrawOrder: 1
  undrawAnimName: Appear
  audioSource: {fileID: 0}
  audioClips: []
  stopPreviousSound: 1
  pitchMode: 0
  overridePitch: 1
  minPitch: 0.9
  maxPitch: 1.2
  speedReadPitch: 0
  perlinPitchMulti: 1
  reading: 0
  unreading: 0
  size: 16
  bestFitMulti: 1
  quality: 16
  filterMode: 0
  style: 0
  baseOffset: {x: 0, y: 4, z: 0}
  lineSpacing: 1
  characterSpacing: 0
  tabSize: 4
  autoWrap: 12
  uiWrap: 1
  uiLimit: 1
  breakText: 0
  insertHyphens: 0
  anchor: 0
  alignment: 0
  verticalLimit: 0
  verticalLimitMode: 2
  leftoverText: 
  textMaterial: {fileID: 2100000, guid: 854d7595622c1f642868d74fb5de316a, type: 2}
  textMesh: {fileID: 0}
  rawTopLeftBounds: {x: 0, y: 0, z: 0}
  rawBottomRightBounds: {x: -180, y: 16, z: 0}
  rawBottomRightTextBounds: {x: 32, y: -16, z: 0}
  topLeftBounds: {x: 4, y: -2, z: 0}
  topRightBounds: {x: 184, y: -2, z: 0}
  bottomLeftBounds: {x: 4, y: -18, z: 0}
  bottomRightBounds: {x: 184, y: -18, z: 0}
  centerBounds: {x: 94, y: -10, z: 0}
  topLeftTextBounds: {x: 4, y: -2, z: 0}
  topRightTextBounds: {x: 36, y: -2, z: 0}
  bottomLeftTextBounds: {x: 4, y: -18, z: 0}
  bottomRightTextBounds: {x: 36, y: -18, z: 0}
  centerTextBounds: {x: 20, y: -10, z: 0}
  finalTopLeftTextBounds: {x: 4, y: -2, z: 0}
  finalTopRightTextBounds: {x: 36, y: -2, z: 0}
  finalBottomLeftTextBounds: {x: 4, y: -18, z: 0}
  finalBottomRightTextBounds: {x: 36, y: -18, z: 0}
  finalCenterTextBounds: {x: 20, y: -10, z: 0}
  unwrappedBottomRightTextBounds: {x: 32, y: -16, z: 0}
  onCompleteEvent:
    m_PersistentCalls:
      m_Calls: []
    m_TypeName: UnityEngine.Events.UnityEvent, UnityEngine.CoreModule, Version=0.0.0.0,
      Culture=neutral, PublicKeyToken=null
  onUndrawnEvent:
    m_PersistentCalls:
      m_Calls: []
    m_TypeName: UnityEngine.Events.UnityEvent, UnityEngine.CoreModule, Version=0.0.0.0,
      Culture=neutral, PublicKeyToken=null
  onRebuildEvent:
    m_PersistentCalls:
      m_Calls: []
    m_TypeName: UnityEngine.Events.UnityEvent, UnityEngine.CoreModule, Version=0.0.0.0,
      Culture=neutral, PublicKeyToken=null
  onPrintEvent:
    m_PersistentCalls:
      m_Calls: []
    m_TypeName: UnityEngine.Events.UnityEvent, UnityEngine.CoreModule, Version=0.0.0.0,
      Culture=neutral, PublicKeyToken=null
  onCustomEvent:
    m_PersistentCalls:
      m_Calls: []
    m_TypeName: SuperTextMesh+CustomEvent, Assembly-CSharp, Version=0.0.0.0, Culture=neutral,
      PublicKeyToken=null
  onVertexMod:
    m_PersistentCalls:
      m_Calls: []
    m_TypeName: SuperTextMesh+VertexMod, Assembly-CSharp, Version=0.0.0.0, Culture=neutral,
      PublicKeyToken=null
  onPreParse:
    m_PersistentCalls:
      m_Calls: []
    m_TypeName: SuperTextMesh+PreParse, Assembly-CSharp, Version=0.0.0.0, Culture=neutral,
      PublicKeyToken=null
  debugMode: 0
  totalReadTime: 0.00001
  totalUnreadTime: 0
  currentReadTime: 0.00001
  autoRead: 1
  rememberReadPosition: 1
  autoQuality: 0
  drawOrder: 0
  bestFit: 0
  latestNumber: 5
  currentUnReadTime: 0
  preParsedText: Tier A
--- !u!222 &7277596469754561655
CanvasRenderer:
  m_ObjectHideFlags: 0
  m_CorrespondingSourceObject: {fileID: 0}
  m_PrefabInstance: {fileID: 0}
  m_PrefabAsset: {fileID: 0}
  m_GameObject: {fileID: 7942597835101435749}
  m_CullTransparentMesh: 0
--- !u!1 &8201323907308792547
GameObject:
  m_ObjectHideFlags: 0
  m_CorrespondingSourceObject: {fileID: 0}
  m_PrefabInstance: {fileID: 0}
  m_PrefabAsset: {fileID: 0}
  serializedVersion: 6
  m_Component:
  - component: {fileID: 6979256064529609987}
  - component: {fileID: 1545720724851372117}
  - component: {fileID: 2705545220701555057}
  m_Layer: 5
  m_Name: Elixir Uses
  m_TagString: Untagged
  m_Icon: {fileID: 0}
  m_NavMeshLayer: 0
  m_StaticEditorFlags: 0
  m_IsActive: 1
--- !u!224 &6979256064529609987
RectTransform:
  m_ObjectHideFlags: 0
  m_CorrespondingSourceObject: {fileID: 0}
  m_PrefabInstance: {fileID: 0}
  m_PrefabAsset: {fileID: 0}
  m_GameObject: {fileID: 8201323907308792547}
  m_LocalRotation: {x: -0, y: -0, z: -0, w: 1}
  m_LocalPosition: {x: 0, y: 0, z: 0}
  m_LocalScale: {x: 1, y: 1, z: 1}
  m_Children: []
  m_Father: {fileID: 8841159682331869047}
  m_RootOrder: 1
  m_LocalEulerAnglesHint: {x: 0, y: 0, z: 0}
  m_AnchorMin: {x: 1, y: 1}
  m_AnchorMax: {x: 1, y: 1}
  m_AnchoredPosition: {x: -4, y: -2}
  m_SizeDelta: {x: 24, y: 16}
  m_Pivot: {x: 1, y: 1}
--- !u!114 &1545720724851372117
MonoBehaviour:
  m_ObjectHideFlags: 0
  m_CorrespondingSourceObject: {fileID: 0}
  m_PrefabInstance: {fileID: 0}
  m_PrefabAsset: {fileID: 0}
  m_GameObject: {fileID: 8201323907308792547}
  m_Enabled: 1
  m_EditorHideFlags: 0
  m_Script: {fileID: 11500000, guid: 0ffcfb6d0266347848bf69a03919f483, type: 3}
  m_Name: 
  m_EditorClassIdentifier: 
  showAppearanceFoldout: 1
  showMaterialFoldout: 1
  showPositionFoldout: 1
  showTimingFoldout: 0
  showFunctionalityFoldout: 0
  showAudioFoldout: 0
  showEventFoldout: 0
  info:
  - pos: {x: -14, y: -16, z: 0}
    readTime: 0
    unreadTime: 0
    line: 0
    rawIndex: 0
    indent: 0
    drawAnimData: {fileID: 11400000, guid: 79b3a58975db94dc0878c84bf4315875, type: 2}
    size: 16
    alignment: 2
    drawOrder: 0
    ev: []
    ev2: []
    colorData: {fileID: 0}
    gradientData: {fileID: 0}
    textureData: {fileID: 0}
    delayData: {fileID: 0}
    waveData: {fileID: 0}
    jitterData: {fileID: 0}
    readDelay: 0
    audioClipData: {fileID: 0}
    stopPreviousSound: 1
    pitchMode: 0
    overridePitch: 1
    minPitch: 0.9
    maxPitch: 1.2
    speedReadPitch: 0
    fontData: {fileID: 0}
    quadData: {fileID: 0}
    isQuad: 0
    quadIndex: -1
    materialData: {fileID: 0}
    soundClipData: {fileID: 0}
    IdxIdentifier: 0
    InfoInUse: 0
  - pos: {x: -7, y: -16, z: 0}
    readTime: 0
    unreadTime: 0
    line: 0
    rawIndex: 0
    indent: 0
    drawAnimData: {fileID: 11400000, guid: 79b3a58975db94dc0878c84bf4315875, type: 2}
    size: 16
    alignment: 2
    drawOrder: 0
    ev: []
    ev2: []
    colorData: {fileID: 0}
    gradientData: {fileID: 0}
    textureData: {fileID: 0}
    delayData: {fileID: 0}
    waveData: {fileID: 0}
    jitterData: {fileID: 0}
    readDelay: 0
    audioClipData: {fileID: 0}
    stopPreviousSound: 1
    pitchMode: 0
    overridePitch: 1
    minPitch: 0.9
    maxPitch: 1.2
    speedReadPitch: 0
    fontData: {fileID: 0}
    quadData: {fileID: 0}
    isQuad: 0
    quadIndex: -1
    materialData: {fileID: 0}
    soundClipData: {fileID: 0}
    IdxIdentifier: 0
    InfoInUse: 0
  _text: 99
  drawText: 99
  hyphenedText: 99
  font: {fileID: 12800000, guid: 5f476137cb2a14f728c644d081f47ea6, type: 2}
  color:
    serializedVersion: 2
    rgba: 4294967295
  richText: 1
  readDelay: 0
  speedReadScale: 2
  ignoreTimeScale: 1
  disableAnimatedText: 0
  drawAnimName: Appear
  unreadDelay: 0.05
  undrawOrder: 1
  undrawAnimName: Appear
  audioSource: {fileID: 0}
  audioClips: []
  stopPreviousSound: 1
  pitchMode: 0
  overridePitch: 1
  minPitch: 0.9
  maxPitch: 1.2
  speedReadPitch: 0
  perlinPitchMulti: 1
  reading: 0
  unreading: 0
  size: 16
  bestFitMulti: 1
  quality: 16
  filterMode: 0
  style: 0
  baseOffset: {x: 0, y: 4, z: 0}
  lineSpacing: 1
  characterSpacing: 0
  tabSize: 4
  autoWrap: 12
  uiWrap: 1
  uiLimit: 1
  breakText: 0
  insertHyphens: 0
  anchor: 0
  alignment: 2
  verticalLimit: 0
  verticalLimitMode: 2
  leftoverText: 
  textMaterial: {fileID: 2100000, guid: 952ed075855812346ada3d7cab780981, type: 2}
  textMesh: {fileID: 0}
  rawTopLeftBounds: {x: 24, y: 0, z: 0}
  rawBottomRightBounds: {x: 0, y: 16, z: 0}
  rawBottomRightTextBounds: {x: 14, y: -16, z: 0}
  topLeftBounds: {x: 162, y: -2, z: 0}
  topRightBounds: {x: 186, y: -2, z: 0}
  bottomLeftBounds: {x: 162, y: -18, z: 0}
  bottomRightBounds: {x: 186, y: -18, z: 0}
  centerBounds: {x: 174, y: -10, z: 0}
  topLeftTextBounds: {x: 172, y: -2, z: 0}
  topRightTextBounds: {x: 186, y: -2, z: 0}
  bottomLeftTextBounds: {x: 172, y: -18, z: 0}
  bottomRightTextBounds: {x: 186, y: -18, z: 0}
  centerTextBounds: {x: 179, y: -10, z: 0}
  finalTopLeftTextBounds: {x: 172, y: -2, z: 0}
  finalTopRightTextBounds: {x: 186, y: -2, z: 0}
  finalBottomLeftTextBounds: {x: 172, y: -18, z: 0}
  finalBottomRightTextBounds: {x: 186, y: -18, z: 0}
  finalCenterTextBounds: {x: 179, y: -10, z: 0}
  unwrappedBottomRightTextBounds: {x: 14, y: -16, z: 0}
  onCompleteEvent:
    m_PersistentCalls:
      m_Calls: []
    m_TypeName: UnityEngine.Events.UnityEvent, UnityEngine.CoreModule, Version=0.0.0.0,
      Culture=neutral, PublicKeyToken=null
  onUndrawnEvent:
    m_PersistentCalls:
      m_Calls: []
    m_TypeName: UnityEngine.Events.UnityEvent, UnityEngine.CoreModule, Version=0.0.0.0,
      Culture=neutral, PublicKeyToken=null
  onRebuildEvent:
    m_PersistentCalls:
      m_Calls: []
    m_TypeName: UnityEngine.Events.UnityEvent, UnityEngine.CoreModule, Version=0.0.0.0,
      Culture=neutral, PublicKeyToken=null
  onPrintEvent:
    m_PersistentCalls:
      m_Calls: []
    m_TypeName: UnityEngine.Events.UnityEvent, UnityEngine.CoreModule, Version=0.0.0.0,
      Culture=neutral, PublicKeyToken=null
  onCustomEvent:
    m_PersistentCalls:
      m_Calls: []
    m_TypeName: SuperTextMesh+CustomEvent, Assembly-CSharp, Version=0.0.0.0, Culture=neutral,
      PublicKeyToken=null
  onVertexMod:
    m_PersistentCalls:
      m_Calls: []
    m_TypeName: SuperTextMesh+VertexMod, Assembly-CSharp, Version=0.0.0.0, Culture=neutral,
      PublicKeyToken=null
  onPreParse:
    m_PersistentCalls:
      m_Calls: []
    m_TypeName: SuperTextMesh+PreParse, Assembly-CSharp, Version=0.0.0.0, Culture=neutral,
      PublicKeyToken=null
  debugMode: 0
  totalReadTime: 0.00001
  totalUnreadTime: 0
  currentReadTime: 0.00001
  autoRead: 1
  rememberReadPosition: 1
  autoQuality: 0
  drawOrder: 0
  bestFit: 0
  latestNumber: 1
  currentUnReadTime: 0
  preParsedText: 99
--- !u!222 &2705545220701555057
CanvasRenderer:
  m_ObjectHideFlags: 0
  m_CorrespondingSourceObject: {fileID: 0}
  m_PrefabInstance: {fileID: 0}
  m_PrefabAsset: {fileID: 0}
  m_GameObject: {fileID: 8201323907308792547}
  m_CullTransparentMesh: 0
--- !u!1 &8360577336744020272
GameObject:
  m_ObjectHideFlags: 0
  m_CorrespondingSourceObject: {fileID: 0}
  m_PrefabInstance: {fileID: 0}
  m_PrefabAsset: {fileID: 0}
  serializedVersion: 6
  m_Component:
  - component: {fileID: 5564128467469198584}
  - component: {fileID: 7833419734176939892}
  - component: {fileID: 1323979030935690651}
  m_Layer: 5
  m_Name: Elixir
  m_TagString: Untagged
  m_Icon: {fileID: 0}
  m_NavMeshLayer: 0
  m_StaticEditorFlags: 0
  m_IsActive: 1
--- !u!224 &5564128467469198584
RectTransform:
  m_ObjectHideFlags: 0
  m_CorrespondingSourceObject: {fileID: 0}
  m_PrefabInstance: {fileID: 0}
  m_PrefabAsset: {fileID: 0}
  m_GameObject: {fileID: 8360577336744020272}
  m_LocalRotation: {x: -0, y: -0, z: -0, w: 1}
  m_LocalPosition: {x: 0, y: 0, z: 0}
  m_LocalScale: {x: 1, y: 1, z: 1}
  m_Children: []
  m_Father: {fileID: 8841159682331869047}
  m_RootOrder: 0
  m_LocalEulerAnglesHint: {x: 0, y: 0, z: 0}
  m_AnchorMin: {x: 0, y: 1}
  m_AnchorMax: {x: 0, y: 1}
  m_AnchoredPosition: {x: 6, y: -2}
  m_SizeDelta: {x: 16, y: 16}
  m_Pivot: {x: 0, y: 1}
--- !u!222 &7833419734176939892
CanvasRenderer:
  m_ObjectHideFlags: 0
  m_CorrespondingSourceObject: {fileID: 0}
  m_PrefabInstance: {fileID: 0}
  m_PrefabAsset: {fileID: 0}
  m_GameObject: {fileID: 8360577336744020272}
  m_CullTransparentMesh: 0
--- !u!114 &1323979030935690651
MonoBehaviour:
  m_ObjectHideFlags: 0
  m_CorrespondingSourceObject: {fileID: 0}
  m_PrefabInstance: {fileID: 0}
  m_PrefabAsset: {fileID: 0}
  m_GameObject: {fileID: 8360577336744020272}
  m_Enabled: 1
  m_EditorHideFlags: 0
  m_Script: {fileID: -765806418, guid: f70555f144d8491a825f0804e09c671c, type: 3}
  m_Name: 
  m_EditorClassIdentifier: 
  m_Material: {fileID: 0}
  m_Color: {r: 1, g: 1, b: 1, a: 1}
  m_RaycastTarget: 0
  m_OnCullStateChanged:
    m_PersistentCalls:
      m_Calls: []
    m_TypeName: UnityEngine.UI.MaskableGraphic+CullStateChangedEvent, UnityEngine.UI,
      Version=1.0.0.0, Culture=neutral, PublicKeyToken=null
  m_Sprite: {fileID: 21300000, guid: 3b9324c39a3f3fb4187f8386b76cc5fa, type: 3}
  m_Type: 0
  m_PreserveAspect: 0
  m_FillCenter: 1
  m_FillMethod: 4
  m_FillAmount: 1
  m_FillClockwise: 1
  m_FillOrigin: 0
  m_UseSpriteMesh: 0
